@ARTICLE{9773954,
  author={Seitz, Evan and Acosta-Reyes, Francisco and Maji, Suvrajit and Schwander, Peter and Frank, Joachim},
  journal={IEEE Transactions on Computational Imaging}, 
  title={Recovery of Conformational Continuum from Single-particle Cryo-EM Images: Optimization of ManifoldEM Informed by Ground Truth}, 
  year={2022},
  volume={8},
  number={},
  issn={2333-9403},
  pages={462-478},
  doi={10.1109/TCI.2022.3174801}}
