@inproceedings{
seitz2025decoding,
title={Decoding the Mechanistic Impact of Genetic Variation on Regulatory Sequences with Deep Learning},
author={Evan Seitz and David M. McCandlish and Justin Kinney and Peter K Koo},
booktitle={ICLR 2025 Workshop on Generative and Experimental Perspectives for Biomolecular Design},
year={2025},
url={https://openreview.net/forum?id=PtjMeyHcTt}
}