@article {Seitz_Synth_MS,
	author = {Seitz, E. and Acosta-Reyes, F. and Schwander, P. and Frank, J.},
	title = {Simulation of cryo-{E}{M} ensembles from atomic models of molecules exhibiting continuous conformations},
	elocation-id = {864116},
	year = {2019},
	doi = {10.1101/864116},
	publisher = {Cold Spring Harbor Laboratory},
	URL = {https://www.biorxiv.org/content/early/2019/12/03/864116},
	journal = {bioRxiv}
}