@article {Seitz_Thesis,
	author = {Seitz, E.},
	title = {Analysis of Conformational Continuum and Free-energy Landscapes from Manifold Embedding of Single-particle Cryo-{E}{M} Ensembles of Biomolecules},
	year = {2022},
	doi = {10.7916/4n0v-wa24},
	publisher = {Columbia Libraries Academic Commons},
	URL = {https://doi.org/10.7916/4n0v-wa24}
}