@article {Spike,
	author = {Sztain, T. and Ahn, S. and Bogetti, A. T. and Casalino, L. and Goldsmith, J. A. and Seitz, E. and McCool, R. S. and Kearns, F. L. and Acosta-Reyes, F. and Maji, S. and Mashayekhi, G. and McCammon, J. A. and Ourmazd, A. and Frank, J. and McLellan, J. S. and Chong, L. T. and Amaro, R. E.},
	title = {A glycan gate controls opening of the {S}{A}{R}{S}-{C}o{V}-2 spike protein},
	year = {2021},
	doi = {10.1038/s41557-021-00758-3},
	url = "https://doi.org/10.1038/s41557-021-00758-3",
	journal = {Nature Chemistry}
}