@article {Seitz2021.06.18.449029,
	author = {Seitz, Evan and Acosta-Reyes, Francisco and Maji, Suvrajit and Schwander, Peter and Frank, Joachim},
	title = {Geometric machine learning informed by ground truth: Recovery of conformational continuum from single-particle cryo-EM data of biomolecules},
	elocation-id = {2021.06.18.449029},
	year = {2021},
	doi = {10.1101/2021.06.18.449029},
	publisher = {Cold Spring Harbor Laboratory},
	URL = {https://www.biorxiv.org/content/early/2021/09/01/2021.06.18.449029},
	eprint = {https://www.biorxiv.org/content/early/2021/09/01/2021.06.18.449029.full.pdf},
	journal = {bioRxiv}
}