@misc{ManifoldEM_Python_Beta,
	title = {ManifoldEM Python Suite: v0.2.0-beta},
	url = {https://zenodo.org/record/5578874},
	abstract = {Beta release for the ManifoldEM Python suite.},
	urldate = {2021-12-31},
	publisher = {Zenodo},
	author = {Seitz, Evan; Liao, Hstau; Maji, Suvrajit; Mashayekhi, Ghoncheh; Dashti, Ali; Schwander, Peter; Ourmazd, Abbas; Frank, Joachim},
	month = oct,
	year = {2021},
	doi = {10.5281/ZENODO.5578874},
}