@article{POLARIS,
	author = {Seitz, E. and Frank, J.},
	title = {{P}{O}{L}{A}{R}{I}{S}: {P}ath of least action analysis on energy landscapes},
	journal = {Journal of Chemical Information and Modeling},
	volume = {60},
	number = {5},
	pages = {2581-2590},
	year = {2020},
	doi = {10.1021/acs.jcim.9b01108},
	note ={PMID: 31999117},
	URL = {https://doi.org/10.1021/acs.jcim.9b01108},
	eprint = {https://doi.org/10.1021/acs.jcim.9b01108}
}